@article{Biolchini_2005_Systematicreviewin,
  author = {Jorge Biolchini and P. Gomes Mian and A. Candida Cruz Natali and G. Horta Travassos},
  title = {Systematic review in software engineering},
  journal = {System Engineering and Computer Science Department COPPE/UFRJ, Technical
  Report ES},
  year = {2005},
  volume = {679},
  number = {05}
},

@article{greenwade93,
    author  = "George D. Greenwade",
    title   = "The {C}omprehensive {T}ex {A}rchive {N}etwork ({CTAN})",
    year    = "1993",
    journal = "TUGBoat",
    volume  = "14",
    number  = "3",
    pages   = "342--351"
},

@book{Knuth_1986_texbook,
  title = {The texbook},
  publisher = {Addison-Wesley Reading, MA, USA},
  year = {1986},
  author = {Knuth, Donald Ervin and Bibby, Duane},
  volume = {1993}
},

@book{lamport_latex:_1994,
  address = {Reading, Mass.},
  title = {{LATEX}: a document preparation system : user's guide and reference manual},
  isbn = {0201529831 9780201529838},
  shorttitle = {{LATEX}},
  publisher = {Addison-Wesley Pub. Co.},
  author = {Lamport, Leslie},
  year = {1994}
}

@book{newton1833philosophiae,
  title={Philosophiae naturalis principia mathematica},
  author={Newton, Isaac and Bernoulli, Daniel and MacLaurin, Colin and Euler, Leonhard},
  volume={1},
  year={1833},
  publisher={excudit G. Brookman; impensis TT et J. Tegg, Londini}
},

@MISC{Oetiker_1995_notsoshort,
  author = {Oetiker, Tobias and Partl, Hubert and Hyna, Irene and Schlegl, Elisabeth},
  title = {The not so short introduction to LATEX2$\varepsilon$},
  year = {1995},
  file = {Oetiker_1995_notsoshort.pdf:Oetiker_1995_notsoshort.pdf:PDF}
},

@article{scr2009,
  title={The 2009 simulated car racing championship},
  author={Loiacono, Daniele and Lanzi, Pier Luca and Togelius, Julian and Onieva, Enrique and Pelta, David A and Butz, Martin V and L{\"o}nneker, Thies D and Cardamone, Luigi and Perez, Diego and S{\'a}ez, Yago and others},
  journal={Computational Intelligence and AI in Games, IEEE Transactions on},
  volume={2},
  number={2},
  pages={131--147},
  year={2010},
  publisher={IEEE}
},

@misc{pinteric_latex_2004,
  title = {{LaTeX} on {Windows}},
  url = {http://www.pinteric.com/miktex.html},
  urldate = {2015-06-11},
  author = {Pinteric, Marko},
  file = {LaTeX on Windows:/home/gnramos/Dropbox/documents/config/zotero/storage/H4KEHQA5/miktex.html:text/html}
},

@book{covey_first_1995,
  title={First things first},
  author={Covey, Stephen R and Merrill, A Roger and Merrill, Rebecca R},
  year={1995},
  publisher={Simon and Schuster}
},

@misc{ppginf,
 author={PPGI/UnB},
 title={Regimento do Programa de P\'{o}s-gradua\c{c}\~{a}o em Inform\'{a}tica da Universidade de Bras\'{i}lia},
 howpublished={http://ppgi.unb.br/normatives},
 year={2013}
},

@article{Tanenbaum,
	Title					= {Redes de Computadores: tradução [ds 3. ed. original] Insight Serviços de Informática},
	author 					= {TANENBAUM, Andrew S},
	journal 				= {Rio de Janeiro: Campus},
	year 					= {1997}
},

@misc{Agilar,
  Title                    = {Uma abordagem orientada a serviços para a modernização de sistemas legados},
  Author                   = {Agilar, Everton de Vargas},
  Year                     = {2017},
  Timestamp                = {2017.05.18}
},

@TechReport{daSilva,
  Title                    = {Gerenciamento de Equipamentos Usando o Protocolo SNMP},
  Author                   = {Contessa, Diego Fraga and Polina, Everton Rafael@article{da2014arquitetura,
 						     title={Arquitetura de monitoramento para security-sla em nuvem computacional do tipo saas},
							 author={da Silva, Carlos Alberto and de Geus, Paulo Lúcio},
							 journal={Proceedings of the XIV Simpósio Brasileiro em Segurança da Informação e de Sistemas Computacionais (SBSEG14)},
							 year={2014}
							 }},
  Institution              = {Technical report, Departamento de Pesquisa e Desenvolvimento-CP Eletrônica SA, 2010. 12},
  Year                     = {2010},
  Timestamp                = {2017.05.18}
},

@Misc{deMello,
  Title                    = {Protótipo de um agente SNMP para uma rede local utilizando a plataforma JDMK},
  Author                   = {de Mello, Jorge Lucas},
  Year                     = {2008},
  Timestamp                = {2017.05.18}
},

@Article{deGeus,
  Title                    = {Arquitetura de monitoramento para security-sla em nuvem computacional do tipo saas},
  Author                   = {da Silva, Carlos Alberto and de Geus, Paulo Lúcio},
  Journal                  = {Proceedings of the XIV Simpósio Brasileiro em Segurança da Informação e de Sistemas Computacionais (SBSEG14)},
  Year                     = {2014},
  Timestamp                = {2017.05.18}
},

@article{Dias,
	Title				   = {Protocolo de gerenciamento SNMP},
	author				   = {Dias, Beethovem Zanella and Alves Jr, Nilton},
	journal				   = {artigo extraído da Internet},
	year       			   = {2002},
    Timestamp              = {2017.05.18}
},

@misc{Braga,
	Title				   = {Estudo sobre o Protocolo SNMP e comparativo entre ferramentas},
	author				   = {Braga, Jeferson de Oliveira},
	year				   = {2011},
	Timestamp              = {2017.05.18}
},

@phdthesis{Fraga,
	title 				   = {Monitorização de Processos Multimédia},
	author 				   = {Fraga, Sandro David Ribeiro},
	year  				   = {2008},
	school    			   = {Universidade do Porto},
	Timestamp              = {2017.05.18}
},

@techreport{Case,
  	title   			   = {Simple network management protocol (SNMP)},
  	author  			   = {Case, Jeffrey D and Fedor, Mark and Schoffstall, Martin L and Davin, James},
  	year	   			   = {1990},
	Timestamp              = {2017.05.18}
},

@article{Schoffstall,
  	title				   = {RFC 1157: Simple network management protocol (SNMP)},
  	author  			   = {Schoffstall, JD Case M Fedor ML and Davin, C},
  	journal			       = {IETF, April},
  	year				   = {1990}
},

@article{kitchenham2007guidelines,
  title={Guidelines for performing structural literature reviews in software engineering},
  author={Kitchenham, B and Charters, S},
  journal={Empirical Software Engineering, National ICT},
  pages={45--56},
  year={2007}
},
@article{Tanenbaum,
	Title					= {Redes de Computadores: tradução [ds 3. ed. original] Insight Serviços de Informática},
	author 					= {TANENBAUM, Andrew S},
	journal 				= {Rio de Janeiro: Campus},
	year 					= {1997}
},

@misc{Agilar,
  Title                    = {Uma abordagem orientada a serviços para a modernização de sistemas legados},
  Author                   = {Agilar, Everton de Vargas},
  Year                     = {2017},
  Timestamp                = {2017.05.18}
},

@TechReport{daSilva,
  Title                    = {Gerenciamento de Equipamentos Usando o Protocolo SNMP},
  Author                   = {Contessa, Diego Fraga and Polina, Everton Rafael@article{da2014arquitetura,
 						     title={Arquitetura de monitoramento para security-sla em nuvem computacional do tipo saas},
							 author={da Silva, Carlos Alberto and de Geus, Paulo Lúcio},
							 journal={Proceedings of the XIV Simpósio Brasileiro em Segurança da Informação e de Sistemas Computacionais (SBSEG14)},
							 year={2014}
							 }},
  Institution              = {Technical report, Departamento de Pesquisa e Desenvolvimento-CP Eletrônica SA, 2010. 12},
  Year                     = {2010},
  Timestamp                = {2017.05.18}
},

@Misc{deMello,
  Title                    = {Protótipo de um agente SNMP para uma rede local utilizando a plataforma JDMK},
  Author                   = {de Mello, Jorge Lucas},
  Year                     = {2008},
  Timestamp                = {2017.05.18}
},

@Article{deGeus,
  Title                    = {Arquitetura de monitoramento para security-sla em nuvem computacional do tipo saas},
  Author                   = {da Silva, Carlos Alberto and de Geus, Paulo Lúcio},
  Journal                  = {Proceedings of the XIV Simpósio Brasileiro em Segurança da Informação e de Sistemas Computacionais (SBSEG14)},
  Year                     = {2014},
  Timestamp                = {2017.05.18}
},

@article{Dias,
	Title				   = {Protocolo de gerenciamento SNMP},
	author				   = {Dias, Beethovem Zanella and Alves Jr, Nilton},
	journal				   = {artigo extraído da Internet},
	year       			   = {2002},
    Timestamp              = {2017.05.18}
},

@misc{Braga,
	Title				   = {Estudo sobre o Protocolo SNMP e comparativo entre ferramentas},
	author				   = {Braga, Jeferson de Oliveira},
	year				   = {2011},
	Timestamp              = {2017.05.18}
},

@phdthesis{Fraga,
	title 				   = {Monitorização de Processos Multimédia},
	author 				   = {Fraga, Sandro David Ribeiro},
	year  				   = {2008},
	school    			   = {Universidade do Porto},
	Timestamp              = {2017.05.18}
},

@techreport{Case,
  	title   			   = {Simple network management protocol (SNMP)},
  	author  			   = {Case, Jeffrey D and Fedor, Mark and Schoffstall, Martin L and Davin, James},
  	year	   			   = {1990},
	Timestamp              = {2017.05.18}
},

@article{Schoffstall,
  	title				   = {RFC 1157: Simple network management protocol (SNMP)},
  	author  			   = {Schoffstall, JD Case M Fedor ML and Davin, C},
  	journal			       = {IETF, April},
  	year				   = {1990}
},
@article{souza2017relaccao,
  title={Rela{\c{c}}{\~a}o entre arquitetura de software e teste de software: um mapeamento sistem{\'a}tico.},
  author={Souza, Nilton Mendes de and Sim{\~a}o, Di{\'o}genes Dias and Oliveira, Lucas Bueno Ruas de and Lana, Cristiane Aparecida and Nakagawa, Elisa Yumi and Maldonado, Jos{\'e} Carlos and others},
  year={2017},
  publisher={S{\~a}o Carlos, SP, Brasil.}
},
@phdthesis{feltrim2004abordagem,
  title={Uma abordagem baseada em corpus e em sistemas de cr{\'\i}tica para a constru{\c{c}}{\~a}o de ambientes Web de auxilio {\`a} escrita acad{\^e}mica em portugu{\^e}s},
  author={Feltrim, Val{\'e}ria Delisandra},
  year={2004}
},
@article{de2002pesquisas,
  title={As pesquisas denominadas" estado da arte},
  author={de Almeida Ferreira, Norma Sandra},
  journal={Educa{\c{c}}{\~a}o \& sociedade},
  volume={23},
  pages={257--citation\_lastpage},
  year={2002}
},@inproceedings{zamboni2010start,
  title={StArt uma ferramenta computacional de apoio {\`a} revis{\~a}o sistem{\'a}tica},
  author={Zamboni, A and Di Thommazo, Andre and Hernandes, E and Fabbri, SCPF},
  booktitle={Congresso Brasileiro de Software (CBSoft'10). Salvador, Brazil},
  year={2010}
},
@inproceedings{cirstoiu2007monitoring,
  title={Monitoring, accounting and automated decision support for the alice experiment based on the MonALISA framework},
  author={Cirstoiu, Catalin C and Grigoras, Costin C and Betev, Latchezar L and Costan, Alexandru A and Legrand, Iosif Charles},
  booktitle={Proceedings of the 2007 workshop on Grid monitoring},
  pages={39--44},
  year={2007},
  organization={ACM}
},

@article{repantis2010scaling,
  title={Scaling a monitoring infrastructure for the Akamai network},
  author={Repantis, Thomas and Cohen, Jeff and Smith, Scott and Wein, Joel},
  journal={ACM SIGOPS Operating Systems Review},
  volume={44},
  number={3},
  pages={20--26},
  year={2010},
  publisher={ACM}
},

@article{joyce1987monitoring,
  title={Monitoring distributed systems},
  author={Joyce, Jeffrey and Lomow, Greg and Slind, Konrad and Unger, Brian},
  journal={ACM Transactions on Computer Systems (TOCS)},
  volume={5},
  number={2},
  pages={121--150},
  year={1987},
  publisher={ACM}
},

@inproceedings{abdu1996monitoring,
  title={Monitoring overhead in distributed systems: visualization and estimation techniques},
  author={Abdu, Hasina and Lutfiyya, Hanan and Bauer, Michael A},
  booktitle={Proceedings of the 1996 conference of the Centre for Advanced Studies on Collaborative research},
  pages={1},
  year={1996},
  organization={IBM Press}
},

@inproceedings{patil2012remote,
  title={Remote agent based automated framework for threat modelling, vulnerability testing of SOA solutions and web services},
  author={Patil, Prithviraj and Pawar, Sunil},
  booktitle={Internet Security (WorldCIS), 2012 World Congress on},
  pages={127--131},
  year={2012},
  organization={IEEE}
},
@inproceedings{casola2009sensim,
  title={SeNsIM-Web: a service based architecture for sensor networks integration},
  author={Casola, Valentina and Gaglione, Andrea and Mazzeo, Antonino},
  booktitle={Industrial Electronics, 2009. IECON'09. 35th Annual Conference of IEEE},
  pages={2665--2671},
  year={2009},
  organization={IEEE}
},

@inproceedings{smith2008flexible,
  title={A flexible monitoring and notification system for distributed resources},
  author={Smith, Garry and Baker, Mark},
  booktitle={Parallel and Distributed Computing, 2008. ISPDC'08. International Symposium on},
  pages={31--38},
  year={2008},
  organization={IEEE}
},

@article{puatruct2010agent,
  title={Agent technology in monitoring systems},
  author={P{\u{a}}tru{\c{t}}, Bogdan and Tomozei, Cosmin},
  journal={International Journal of Computers Communications \& Control},
  volume={5},
  number={5},
  pages={852--861},
  year={2010}
},

@article{phan2009cryptanalysis,
  title={Cryptanalysis of the application secure alternative to SNMP (APSSNMP)},
  author={Phan, Raphael C-W},
  journal={Computer Standards \& Interfaces},
  volume={31},
  number={1},
  pages={63--65},
  year={2009},
  publisher={Elsevier}
},

@inproceedings{subramanyan2000scalable,
  title={A scalable SNMP-based distibuted monitoring system for heterogeneous network computing},
  author={Subramanyan, Rajesh and Miguel-Alonso, Jos{\'e} and Fortes, Jos{\'e} AB},
  booktitle={Proceedings of the 2000 ACM/IEEE conference on Supercomputing},
  pages={14},
  year={2000},
  organization={IEEE Computer Society}
},

@article{repantis2010scaling,
  title={Scaling a monitoring infrastructure for the Akamai network},
  author={Repantis, Thomas and Cohen, Jeff and Smith, Scott and Wein, Joel},
  journal={ACM SIGOPS Operating Systems Review},
  volume={44},
  number={3},
  pages={20--26},
  year={2010},
  publisher={ACM}
},

@inproceedings{wang2016improvements,
  title={Improvements to Online Distributed Monitoring Systems},
  author={Wang, Bo and Song, Ying and Sun, Yuzhong and Liu, Jun},
  booktitle={Trustcom/BigDataSE/I SPA, 2016 IEEE},
  pages={1093--1100},
  year={2016},
  organization={IEEE}
},

@inproceedings{hirate2009profiling,
  title={Profiling Node Conditions of Distributed System with Sequential Pattern Mining},
  author={Hirate, Yu and Yamana, Hayato},
  booktitle={Future Dependable Distributed Systems, 2009 Software Technologies for},
  pages={43--48},
  year={2009},
  organization={IEEE}
},

@inproceedings{kotsopoulos2008soa,
  title={A SOA-based information management model for Next-Generation Network},
  author={Kotsopoulos, Konstantinos and Lei, Pouwan and Hu, Yim Fun},
  booktitle={Computer and Communication Engineering, 2008. ICCCE 2008. International Conference on},
  pages={1057--1062},
  year={2008},
  organization={IEEE}
},

@article{hollingsworth2003instrumentation,
  title={Instrumentation and monitoring},
  author={Hollingsworth, Jeffrey and Tierney, Brian},
  journal={The Grid: Blueprint for a New Computing Infrastructure. Morgan Kaufmann},
  year={2003}
},

@article{de2014indicadores,
  title={Indicadores para diagn{\'o}stico, monitoramento e avalia{\c{c}}{\~a}o de programas sociais no Brasil},
  author={de Martino Jannuzzi, Paulo},
  journal={Revista do Servi{\c{c}}o P{\'u}blico},
  volume={56},
  number={2},
  pages={137--160},
  year={2014}
},

@article{filgueirasmonitoramento,
  title={Monitoramento em Tempo de Execu{\c{c}}{\~a}o: A constru{\c{c}}{\~a}o de um m{\'o}dulo em Erlang para uma Arquitetura Orientada a Servi{\c{c}}os},
  author={Filgueiras, Renan Costa}
},

@inproceedings{penteado2012jmonitor,
  title={JMonitor: A monitoring tool for distributed systems},
  author={Penteado, Mauricio G and Trevelin, Luis Carlos},
  booktitle={Systems, Man, and Cybernetics (SMC), 2012 IEEE International Conference on},
  pages={1767--1772},
  year={2012},
  organization={IEEE}
},

@book{erl2005service,
  title={Service-oriented architecture},
  author={Erl, Thomas},
  volume={8},
  year={2005},
  publisher={Pearson India}
},

@inproceedings{sward2011service,
  title={Service-oriented architecture (SOA) concepts and implementations},
  author={Sward, Ricky E and Boleng, Jeff},
  booktitle={ACM SIGAda Ada Letters},
  volume={31},
  number={3},
  pages={3--4},
  year={2011},
  organization={ACM}
},

@techreport{bianco2011architecting,
  title={Architecting service-oriented systems},
  author={Bianco, Philip and Lewis, Grace A and Merson, Paulo and Simanta, Soumya},
  year={2011},
  institution={CARNEGIE-MELLON UNIV PITTSBURGH PA SOFTWARE ENGINEERING INST}
},

@techreport{blanco2007evaluating,
  title={Evaluating a service-oriented architecture},
  author={Blanco, Phil and Kotermanski, Rick and Merson, Paulo},
  year={2007},
  institution={CARNEGIE-MELLON UNIV PITTSBURGH PA SOFTWARE ENGINEERING INST}
},

@book{erl2008soa,
  title={SOA design patterns},
  author={Erl, Thomas},
  year={2008},
  publisher={Pearson Education}
},

@inproceedings{fraser2007service,
  title={Service oriented grid architecture for geosciences community},
  author={Fraser, R and Rankine, Terry and Woodcock, Robert},
  booktitle={Proceedings of the fifth Australasian symposium on ACSW frontiers-Volume 68},
  pages={19--23},
  year={2007},
  organization={Australian Computer Society, Inc.}
},

@article{erl2009soa,
  title={SOA Manifesto},
  author={Erl, Thomas and Arsanjani, A and Booch, G and Boubez, P and Chappell, D and deVadoss, J and Josuttis, N and Krafzig, D and Little, M and Loesgen, B and others},
  journal={Letzter Zugriff am},
  volume={19},
  pages={2010},
  year={2009}
},

@book{clements2002documenting,
  title={Documenting software architectures: views and beyond},
  author={Clements, Paul and Garlan, David and Bass, Len and Stafford, Judith and Nord, Robert and Ivers, James and Little, Reed},
  year={2002},
  publisher={Pearson Education}
},

@book{bass2003software,
  title={Software architecture in practice},
  author={Bass, Len and Clements, Paul and Kazman, Rick},
  year={2003},
  publisher={Addison-Wesley Professional}
},

@book{fielding2000architectural,
  title={Architectural styles and the design of network-based software architectures},
  author={Fielding, Roy T and Taylor, Richard N},
  volume={7},
  year={2000},
  publisher={University of California, Irvine Doctoral dissertation}
},

@article{booth2013web,
  title={Web services architecture, w3c working group note, 2004},
  author={Booth, David and Haas, Hugo and McCabe, Francis and Newcomer, Eric and Champion, Michael and Ferris, Chris and Orchard, David},
  journal={URL: http://www. w3. org/TR/2004/NOTE-ws-arch-20040211},
  year={2013}
},

@techreport{bray2017javascript,
  title={The javascript object notation (json) data interchange format},
  author={Bray, Tim},
  year={2017}
},

@inproceedings{bin2011new,
  title={The new services in nagios: network bandwidth utility, email notification and sms alert in improving the network performance},
  author={bin Mohd Shuhaimi, Mohammad Ali Arsyad and binti Roslan, Irda and binti Anawar, Syarulnaziah and others},
  booktitle={Information Assurance and Security (IAS), 2011 7th International Conference on},
  pages={86--91},
  year={2011},
  organization={IEEE}
},

@misc{lcc2012nagios,
  title={Nagios documentation},
  author={LCC, Nagios},
  year={2012}
},

@inproceedings{sacerdoti2003wide,
  title={Wide area cluster monitoring with ganglia},
  author={Sacerdoti, Federico D and Katz, Mason J and Massie, Matthew L and Culler, David E},
  booktitle={null},
  pages={289},
  year={2003},
  organization={IEEE}
},

@inproceedings{vyas2014embedding,
  title={Embedding custom metric in ganglia monitoring system},
  author={Vyas, Ravindra A and Prajapati, Harshad B and Dabhi, Vipul K},
  booktitle={Advance Computing Conference (IACC), 2014 IEEE International},
  pages={793--797},
  year={2014},
  organization={IEEE}
},

@article{massie2004ganglia,
  title={The ganglia distributed monitoring system: design, implementation, and experience},
  author={Massie, Matthew L and Chun, Brent N and Culler, David E},
  journal={Parallel Computing},
  volume={30},
  number={7},
  pages={817--840},
  year={2004},
  publisher={Elsevier}
},

@misc{benincosa2ganglia,
  title={Ganglia and Nagios},
  author={Benincosa, Vallard},
  publisher={Part}
},

@online{ganglia,
  author = {Milenium Project},
  title = {Ganglia Monitoring System},
  year = 2000,
  url = {http://ganglia.info/},
  urldate = {2019-01-20}
},

@online{cacti,
  author = {The Cacti Group},
  title = {Cacti},
  year = 2004,
  url = {https://www.cacti.net/},
  urldate = {2019-01-22}
},

@online{rrdtool,
  author = {Tobias Oetiker},
  title = {RRDtool},
  year = 2009,
  url = {https://oss.oetiker.ch/rrdtool/index.en.html},
  urldate = {2019-01-22}
},

@online{zabbix,
  author = {Alexei Vladishev},
  title = {Zabbix},
  year = 2001,
  url = {https://www.zabbix.com/documentation/},
  urldate = {2019-01-23}
},

@techreport{contessa2010gerenciamento,
  title={Gerenciamento de Equipamentos Usando o Protocolo SNMP},
  author={Contessa, Diego Fraga and Polina, Everton Rafael},
  year={2010},
  organization={ Departamento de Pesquisa e Desenvolvimento, CP Eletrônica SA.}
}




